<?xml version="1.0" encoding="UTF-8"?><collection xmlns="http://www.loc.gov/MARC21/slim"><record><leader>00538nam--2200181-i-4500</leader><controlfield tag="001">000010887</controlfield><controlfield tag="002">20161230</controlfield><controlfield tag="005">20170103001846</controlfield><controlfield tag="008">060222s1000------------r-----000-0-eng-d</controlfield><datafield ind1=" " ind2=" " tag="040"><subfield code="a">IFIN-HH</subfield></datafield><datafield ind1=" " ind2=" " tag="080"><subfield code="a">801.323.2:65(03)</subfield></datafield><datafield ind1="1" ind2=" " tag="100"><subfield code="a">Cartianu, Virginia</subfield></datafield><datafield ind1="1" ind2="0" tag="245"><subfield code="a">Dictionar de management si marketing englez-roman roman-englez</subfield><subfield code="c">Virginia Cartianu, Eugenia Farca, Adrian Popescu</subfield></datafield><datafield ind1=" " ind2=" " tag="260"><subfield code="a">Bucuresti</subfield><subfield code="b">Editura Tehnica</subfield><subfield code="c">1973</subfield></datafield><datafield ind1=" " ind2=" " tag="300"><subfield code="a">411 P</subfield></datafield><datafield ind1="1" ind2=" " tag="700"><subfield code="a">Popescu, Adrian</subfield></datafield><datafield ind1=" " ind2=" " tag="852"><subfield code="a">D.495</subfield><subfield code="c">SLG</subfield></datafield><datafield ind1=" " ind2=" " tag="CAT"><subfield code="a">SYS</subfield><subfield code="c">20170103</subfield><subfield code="h">001846</subfield></datafield></record></collection>